@Article{BKC12,
  author =       {Bergero, F. and Kofman, E. and Cellier, F.E.},
  title =        {{A Novel Parallelization Technique for DEVS Simulation of Continuous and Hybrid systems }}, 
  journal =      {Simulation: Transactions of the Society for Modeling
  and Simulation International},
  year =         {2012},
 note = {in press}
}

@Article{PKBW11,
 author = {Perfumo, C. and Kofman, E. and Braslavsky, J. and Ward, J.K.},
 title = {{Load Management: Model-Based Control of Aggregate Power for Populations of Thermostatically Controlled Loads}},
 journal = {Energy Conversion and Management},
 year = {2011},
 OPTkey = {},
 OPTvolume = {},
 OPTnumber = {},
 OPTpages = {},
 OPTmonth = {},
 note = {in press},
 OPTannote = {},
 OPTurl = {},
 OPTdoi = {},
 OPTissn = {},
 OPTlocalfile = {},
 OPTabstract = {},
}


@Article{GAK11,
  author = 	 {Grinblat, G. and Ahumada, H. and Kofman, E.},
  title = 	 {{Quantized State Simulation of Spiking Neural Networks}},
  journal = 	{Simulation: Transactions of the Society for Modeling and Simulation International},
  year = 	 {2011},
  OPTkey = 	 {},
  OPTvolume = 	 {},
  OPTnumber = 	 {},
  OPTpages = 	 {},
  OPTmonth = 	 {},
  note = 	 {in Press},
  OPTannote = 	 {}
}

@Article{MKC11,
  author = 	 {Migoni, G. and Kofman, E. and Cellier, F.},
  title = 	 {{Quantization-Based New Integration Methods for Stiff ODEs.}},
  journal = 	{Simulation: Transactions of the Society for Modeling
  and Simulation International},
  year = 	 {2011},
  OPTkey = 	 {},
  OPTvolume = 	 {},
  OPTnumber = 	 {},
  OPTpages = 	 {},
  OPTmonth = 	 {},
  note = 	 {in Press},
  OPTannote = 	 {}
}

@Article{CKC11,
 author = {Castro, R. and Kofman, E. and Cellier, F.},
 title = {{Quantization Based Integration Methods for Delay Differential
Equations}},
 journal = {Simulation Modelling Practice and Theory},
 year = {2011},
 OPTkey = {},
 volume = {19},
 number = {1},
 pages = {314--336}
}


@Article{BK11,
  author = 	 {Bergero, F. and Kofman, E.},
  title = 	 {{PowerDEVS. A Tool for Hybrid System Modeling and Real Time Simulation}}, 
  journal = 	 {Simulation: Transactions of the Society for Modeling
  and Simulation International},
  year = 	 {2011},
  volume = 	 {87},
  number = 	 {1--2},
  pages = 	 {113--132}
}

@Article{CKW10,
  author = 	 {Castro, R. and Kofman, E. and Wainer, G.},
  title = 	 {{A Formal Framework for Stochastic DEVS Modeling and
  Simulation}},
  journal = 	 {Simulation: Transactions of the Society for Modeling
  and Simulation International},
  year = 	 {2010},
  volume = 	 {86},
  number = 	 {10},
  pages = 	 {587--611}
}

@Article{MK09,
  author = 	 {Migoni, G. and Kofman, E.},
  title = 	 {{Linearly Implicit Discrete Event Methods for Stiff
  ODEs}}, 
  journal = 	 {Latin American Applied Research},
  year = 	 {2009},
  OPTkey = 	 {},
  volume = 	 {39},
  number = 	 {3},
  pages = 	 {245--254},
  OPTmonth = 	 {},
  OPTnote = 	 {},
  OPTannote = 	 {}
}

@Article{Kof09,
  author = 	 {Kofman, E.},
  title = 	 {{Relative Error Control in Quantization Based Integration}},
  journal = 	 {Latin American Applied Research},
  year = 	 {2009},
  OPTkey = 	 {},
  volume = 	 {39},
  number = 	 {3},
  pages = 	 {231--238},
  OPTmonth = 	 {},
  OPTnote = 	 {},
  OPTannote = 	 {}
}


@Article{KSH08,
  author = 	 {Kofman, E. and Seron, M. and Haimovich, H.},
  title = 	 {{Control Design with Guaranteed
Ultimate Bound for Perturbed Systems}},
  journal = 	 {Automatica},
  year = 	 {2008},
  OPTkey = 	 {},
  volume = 	 {44},
  number = 	 {7},
  pages = 	 {1815--1821},
  OPTmonth = 	 {},
  OPTnote = 	 {},
  OPTannote = 	 {}
}

@Article{DSK08,
  author = 	 {Dormido, S. and Sánchez, J. and Kofman, E.},
  title = 	 {Muestreo, Control y Comunicación Basados en Eventos},
  journal = 	 {Revista Iberoamericana de Automática e Informática Industrial (RIAI)},
  year = 	 {2008},
  OPTkey = 	 {},
  volume = 	 {5},
  number = 	 {1},
  pages = 	 {5--26},
  OPTmonth = 	 {},
  OPTnote = 	 {},
  OPTannote = 	 {}
}


@Article{MKC07,
  author = 	 {Migoni, G. and Kofman, E. and Cellier, F.},
  title = 	 {{Integración por Cuantificación de
Sistemas Stiff}},
  journal = 	 {Revista Iberoamericana de Automática e Informática
Industrial},
  year = 	 {2007},
  OPTkey = 	 {},
  volume = 	 {4},
  number = 	 {3},
  pages = 	 {97--106},
  OPTmonth = 	 {},
  OPTnote = 	 {},
  OPTannote = 	 {}
}

@ARTICLE{HKS07,
  author =  {H. Haimovich and E. Kofman and M. Seron},
  title =   {Systematic ultimate bound computation for sampled-data systems with quantization},
  journal = {Automatica},
  year =    {2007},
  volume =  {43},
  pages =   {1117--1123},
  number =  {6}
}


@Article{KHS07,
  author = 	 {E. Kofman and H. Haimovich and M. Seron},
  title = 	 {A Systematic Method to Obtain Ultimate Bounds for
  Perturbed Systems}, 
 journal = {International Journal of Control},
  volume = {80},
  number = {2},
  pages = {167--178},
  year = 2007
 }

@Article{Kof06a,
  author = 	 {Kofman, E.},
  title = 	 {{A Third Order Discrete Event Simulation Method for
  Continuous System Simulation}},
  journal = 	 {Latin American Applied Research},
  year = 	 {2006},
  volume = 	 {36},
  number = 	 {2},
  pages = 	 {101--108},
}

@Article{Kof05g,
  author = 	 {E. Kofman},
  title = 	 {Non-conservative ultimate bound estimation in {LTI}
  perturbed systems}, 
  journal = 	 {Automatica},
  year = 	 2005,
  volume =	 41,
  number =	 10,
  pages =	 {1835-1838},
  month =	 {October}
}


@Article{Kof05b,
  author = 	 {Kofman, E.},
  title = 	 {{Discrete Event Control of Time Varying Plants}},
  journal = 	 {Latin American Applied Research},
  year = 	 {2005},
  OPTkey = 	 {},
  volume = 	 {35},
  number = 	 {2},
  pages = 	 {135--141},
  OPTmonth = 	 {},
  OPTnote = 	 {},
  OPTannote = 	 {}
}

@Article{Kof04a,
  author = 	 {Kofman, E.},
  title = 	 {{Discrete Event Simulation of Hybrid Systems}},
  journal = 	 {SIAM Journal on Scientific Computing},
  year = 	 {2004},
  volume = 	 {25},
  number = 	 {5},
  pages = 	 {1771--1797},
}

@Article{Kof03d,
  author = 	 {Kofman, E.},
  title = 	 {{Quantization--Based Simulation of Differential Algebraic
  Equation Systems}},
  journal = 	 {Simulation: Transactions of the Society for Modeling
  and Simulation International},
  year = 	 {2003},
  OPTkey = 	 {},
  volume = 	 {79},
  number = 	 {7},
  pages = 	 {363--376},
  OPTmonth = 	 {},
  OPTnote = 	 {},
  OPTannote = 	 {}
}

@Article{Kof03b,
  author = 	 {Kofman, E.},
  title = 	 {{Quantized-State Control. A Method for
  Discrete Event Control of Continuous Systems.}},
  journal = 	 {Latin American Applied Research},
  year = 	 {2003},
  OPTkey = 	 {},
  volume = 	 {33},
  number = 	 {4},
  pages = 	 {399--406},
  OPTmonth = 	 {},
  OPTnote = 	 {},
  OPTannote = 	 {}
}

@Article{Kof02a,
  author = 	 {Kofman, E.},
  title = 	 {{A Second Order Approximation for 
  DEVS Simulation of Continuous Systems}},
  journal = 	 {Simulation: Transactions of the Society for Modeling
  and Simulation International},
  year = 	 {2002},
  OPTkey = 	 {},
  volume = 	 {78},
  number = 	 {2},
  pages = 	 {76--89},
  OPTmonth = 	 {},
  OPTnote = 	 {},
  OPTannote = 	 {}
}


@Article{KJ01,
  author = 	 {Kofman, E. and Junco, S.},
  title = 	 {{Quantized State Systems.
  A DEVS Approach for Continuous System Simulation}},
  journal = 	 {Transactions of SCS},
  year = 	 {2001},
  OPTkey = 	 {},
  volume = 	 {18},
  number = 	 {3},
  pages = 	 {123-132},
  OPTmonth = 	 {},
  OPTnote = 	 {},
  OPTannote = 	 {}
}



